<record xmlns="http://www.loc.gov/MARC21/slim" xmlns:xsi="http://www.w3.org/2001/XMLSchema-instance" xsi:schemaLocation="http://www.loc.gov/MARC21/slim http://www.loc.gov/standards/marcxml/schema/MARC21slim.xsd"><leader>02049nam a2200373   4500</leader><controlfield tag="001">001679880</controlfield><controlfield tag="003">NNU</controlfield><controlfield tag="006">m        d        </controlfield><controlfield tag="007">cr cn |||m|||a</controlfield><controlfield tag="008">150110s1962    iq h    ob    000 0 ara c</controlfield><datafield ind1=" " ind2=" " tag="040"><subfield code="a">NNU</subfield><subfield code="b">eng</subfield><subfield code="e">rda</subfield><subfield code="c">NNU</subfield></datafield><datafield ind1=" " ind2="4" tag="050"><subfield code="a">PJ6321</subfield><subfield code="b">.J3</subfield></datafield><datafield ind1="1" ind2=" " tag="100"><subfield code="6">880-01</subfield><subfield code="a">Jabb&#363;r&#299;, Suhaylah Y&#257;s&#299;n</subfield></datafield><datafield ind1="1" ind2="3" tag="245"><subfield code="6">880-02</subfield><subfield code="a">al-Khat&#803;t&#803; al-&#699;Arabi&#772; wa-tat&#803;awwuruhu fi&#772; al-&#699;us&#803;u&#772;r al-&#699;Abba&#772;si&#772;yah fi&#772; al-&#699;Ira&#772;q,</subfield><subfield code="c">ta&#700;li&#772;f Suhaylah Ya&#772;si&#772;n al-Jabbu&#772;ri&#772;.</subfield></datafield><datafield ind1=" " ind2=" " tag="260"><subfield code="6">880-03</subfield><subfield code="a">Baghda&#772;d,</subfield><subfield code="b">al-Maktabah al-Ahli&#772;yah,</subfield><subfield code="c">1381/1962.</subfield></datafield><datafield ind1=" " ind2=" " tag="300"><subfield code="a">online resource (4, 146 pages) :</subfield><subfield code="b">facsimiles</subfield></datafield><datafield ind1=" " ind2=" " tag="336"><subfield code="a">text</subfield><subfield code="2">rdacontent</subfield></datafield><datafield ind1=" " ind2=" " tag="337"><subfield code="a">computer</subfield><subfield code="2">rdamedia</subfield></datafield><datafield ind1=" " ind2=" " tag="338"><subfield code="a">online resource</subfield><subfield code="2">rdacarrier</subfield></datafield><datafield ind1=" " ind2=" " tag="500"><subfield code="a">Part of the Arabic Collections Online (ACO) project, contributed by New York Univeristy Libraries.</subfield></datafield><datafield ind1=" " ind2=" " tag="504"><subfield code="a">Includes bibliographical references (pages 143-146).</subfield></datafield><datafield ind1=" " ind2=" " tag="533"><subfield code="a">Electronic reproduction.</subfield><subfield code="b">New York, N.Y. :</subfield><subfield code="c">New York University,</subfield><subfield code="d">2015.</subfield><subfield code="5">NNU</subfield></datafield><datafield ind1=" " ind2="0" tag="650"><subfield code="a">Writing, Arabic.</subfield></datafield><datafield ind1=" " ind2="7" tag="650"><subfield code="a">Writing, Arabic.</subfield><subfield code="2">fast</subfield><subfield code="0">(OCoLC)fst01181678</subfield></datafield><datafield ind1="2" ind2=" " tag="710"><subfield code="a">New York University.</subfield><subfield code="b">Libraries.</subfield></datafield><datafield ind1="0" ind2=" " tag="730"><subfield code="a">Arabic Collections Online.</subfield></datafield><datafield ind1="0" ind2="8" tag="776"><subfield code="i">Online version:</subfield><subfield code="a">Jabbu&#772;ri&#772;, Suhaylah Ya&#772;si&#772;n.</subfield><subfield code="t">Khat&#803;t&#803; al-&#699;Arabi&#772; wa-tat&#803;awwuruhu fi&#772; al-&#699;us&#803;u&#772;r al-&#699;Abba&#772;si&#772;yah fi&#772; al-&#699;Ira&#772;q.</subfield><subfield code="d">Baghda&#772;d, al-Maktabah al-Ahli&#772;yah, 1381/1962</subfield><subfield code="w">(OCoLC)579370306</subfield></datafield><datafield ind1="0" ind2="8" tag="776"><subfield code="i">Print version:</subfield><subfield code="a">Jabb&#363;r&#299;, Suhaylah Y&#257;s&#299;n 880-01</subfield><subfield code="t">al-Khat&#803;t&#803; al-&#699;Arabi&#772; wa-tat&#803;awwuruhu fi&#772; al-&#699;us&#803;u&#772;r al-&#699;Abba&#772;si&#772;yah fi&#772; al-&#699;Ira&#772;q</subfield><subfield code="w">(NNU)001679880</subfield><subfield code="w">(DLC)ne 63000871</subfield></datafield><datafield ind1="4" ind2="0" tag="856"><subfield code="u">http://hdl.handle.net/2333.1/w3r229vw</subfield></datafield><datafield ind1="1" ind2=" " tag="880"><subfield code="6">100-01/</subfield><subfield code="a">&#1580;&#1576;&#1608;&#1585;&#1610;&#1548; &#1587;&#1607;&#1610;&#1604;&#1577; &#1610;&#1575;&#1587;&#1610;&#1606;.</subfield></datafield><datafield ind1="1" ind2="2" tag="880"><subfield code="6">245-02/</subfield><subfield code="a">&#1575;&#1604;&#1582;&#1591; &#1575;&#1604;&#1593;&#1585;&#1576;&#1610; &#1608;&#1578;&#1591;&#1608;&#1585;&#1607; &#1601;&#1610; &#1575;&#1604;&#1593;&#1589;&#1608;&#1585; &#1575;&#1604;&#1593;&#1576;&#1575;&#1587;&#1610;&#1577; &#1601;&#1610; &#1575;&#1604;&#1593;&#1585;&#1575;&#1602;&#1548;</subfield><subfield code="c">&#1578;&#1571;&#1604;&#1610;&#1601; &#1587;&#1607;&#1610;&#1604;&#1577; &#1610;&#1575;&#1587;&#1610;&#1606; &#1575;&#1604;&#1580;&#1576;&#1608;&#1585;&#1610;.</subfield></datafield><datafield ind1=" " ind2=" " tag="880"><subfield code="6">260-03/</subfield><subfield code="a">&#1576;&#1594;&#1583;&#1575;&#1583;&#1548;</subfield><subfield code="b">&#1575;&#1604;&#1605;&#1603;&#1578;&#1576;&#1577; &#1575;&#1604;&#1571;&#1607;&#1604;&#1610;&#1577;&#1548;</subfield><subfield code="c">1381/1962.</subfield></datafield><datafield ind1=" " ind2=" " tag="959"><subfield code="a">NNU</subfield><subfield code="b">WEB</subfield><subfield code="c">GENI</subfield><subfield code="t">0</subfield><subfield code="m">Electronic access</subfield><subfield code="s">01</subfield></datafield><datafield ind1=" " ind2=" " tag="999"><subfield code="i">NNU_001679880</subfield><subfield code="o" /></datafield></record>